@book{libroEH,
author = {Edelsbrunner, Herbert and Harer, John},
year = {2010},
month = {01},
pages = {},
title = {Computational Topology: An Introduction},
isbn = {978-0-8218-4925-5},
doi = {10.1007/978-3-540-33259-6_7}
}

@article{articuloPersistenciaEH,
author = {Edelsbrunner, Herbert and Harer, John},
year = {2008},
month = {01},
pages = {},
title = {Persistent homologyâ€”a survey},
volume = {453},
isbn = {9780821842393},
journal = {Discrete \& Computational Geometry - DCG},
doi = {10.1090/conm/453/08802}
}

@book{Crossley_2005,
author = {Martin D. Crossley},
year = {2005},
month = {},
pages = {},
title = {Essential Topology},
publisher = {Springer London},
doi = {10.1007/1-84628-194-6}
}

@online{presentacionJustin,
author = {Curry, Justin},
title = {Counting Embedded Spheres with the same Persistence},
url = {http://www.fields.utoronto.ca/talks/Counting-Embedded-Spheres-same-Persistence},
organization = {University at Albany SUNY},
date = {2020-06-15},
urldate = {2020-06-15}
}

@Article{Cohen-Steiner2007,
author={Cohen-Steiner, David
and Edelsbrunner, Herbert
and Harer, John},
title={Stability of Persistence Diagrams},
journal={Discrete {\&} Computational Geometry},
year={2007},
month={Jan},
day={01},
volume={37},
number={1},
pages={103-120},
abstract={The persistence diagram of a real-valued function on a topological space is a multiset of points in the extended plane. We prove that under mild assumptions on the function, the persistence diagram is stable:  small changes in the function imply only small changes in the diagram. We apply this result to estimating the homology of sets in a metric space and to comparing and classifying geometric shapes.},
issn={1432-0444},
doi={10.1007/s00454-006-1276-5},
url={https://doi.org/10.1007/s00454-006-1276-5}
}

@article{articuloJustin,
author = {Curry, Justin},
year = {2017},
month = {06},
pages = {},
title = {The Fiber of the Persistence Map}
}
